@electronic{beta_layout,
	author			= "Andrew Wilson",
  	title         	= "Beta Layout PCB Specifications",
  	url 			= "https://us.beta-layout.com/pcb/technology/specifications/",
  	organization  	= "Beta Layout",
  	month			= Jun,
  	year          	= "2022",
  	note 			= {(accessed: 12.06.2022)}
}

@manual{on:fusb340,
    organization  	= "ON Semiconductor",
    title         	= "FUSB340, USB 3.1 SuperSpeed Data Switch, 10 Gbps",
    number        	= "FUSB340",
    month         	= jun,
    year          	= 2021,
    url				= "https://www.onsemi.com/products/interfaces/analog-switches/fusb340",
    note         	= "Rev. 3"
}

@book{nl_fibre_optics,
  author        = "Govind P Agrawal",
  title         = "Nonlinear Fiber Optics",
  edition       = "Fifth",
  publisher     = "Academic Press",
  address       = "The boulevard, Langford Lane, Kidlington, Oxford OX5 1GB, UK",
  year          = "2013"
}

@inbook{adv_fiber_optics,
  author        = "Luc Th√©venaz",
  title         = "Advanced Fiber Optics",
  edition       = "First",
  publisher     = "EPFL Press",
  address       = "EPFL Press, Presses Polytechniques et Universitaires, Romandes, EPFL Post Office Box 119, CH-1015 Lausanne, Switzerland",
  year          = "2011",
  pages         = "1-27"
}


@inbook{fund_of_photonics,
  author        = "Bahaa E. A. Saleh and Malvin Carl Teich",
  title         = "Fundamentals of Photonics",
  edition       = "Third",
  publisher     = "Wiley",
  address       = "John Wiley \& Sons Inc, 10475 Crosspoint Boulevard, Indianapolis, IN 46256",
  year          = "2019",
  pages         = "1224-1284"
}

