@electronic{latex_template_github,
	author			= "Andrew Wilson",
  	title         	= "Academic Report Template",
  	url 			= "https://github.com/AS-Wilson/Academic-Report-Template/tree/dev-AS-Wilson",
  	organization  	= "GitHub",
  	month			= apr,
  	year          	= "2021",
  	note 			= {(accessed: 16.07.2021)}
}




%%%%%%%%%% TEXTBOOKS %%%%%%%%%%
@book{nl_fibre_optics,
  author        = "Govind P Agrawal",
  title         = "Nonlinear Fiber Optics",
  edition       = "Fifth",
  publisher     = "Academic Press",
  address       = "The boulevard, Langford Lane, Kidlington, Oxford OX5 1GB, UK",
  year          = "2013"
}

@inbook{adv_fiber_optics,
  author        = "Luc Thévenaz",
  title         = "Advanced Fiber Optics",
  edition       = "First",
  publisher     = "EPFL Press",
  address       = "EPFL Press, Presses Polytechniques et Universitaires, Romandes, EPFL Post Office Box 119, CH-1015 Lausanne, Switzerland",
  year          = "2011",
  pages         = "1-27"
}


@inbook{fund_of_photonics,
  author        = "Bahaa E. A. Saleh and Malvin Carl Teich",
  title         = "Fundamentals of Photonics",
  edition       = "Third",
  publisher     = "Wiley",
  address       = "John Wiley \& Sons Inc, 10475 Crosspoint Boulevard, Indianapolis, IN 46256",
  year          = "2019",
  pages         = "1224-1284"
}


@book{MechatronicsBolton2015,
    author = {William Bolton},
    title = {Mechatronics: Electronic Control Systems in Mechanical and Electrical Engineering, 6th Edition},
    publisher  = {Pearson},
    address = {Pearson Education Limited, Edinburgh Gate, Harlow Essex, CM20 2JE, United Kingdom},
    year = {2015}
}




%%%%%%%%%% WEBSITES %%%%%%%%%%
@electronic{python_fft_example,
	author			= "Charles Varin",
  	title         	= "The Computational Science Survival Guide: Fast Fourier Transform",
  	url 				= "https://cvarin.github.io/CSci-Survival-Guide/fft.html",
  	month			= dec,
  	year          	= "2014",
  	note 			= {(accessed: 23.04.2022)}
}


@electronic{baker_campbell_hausdorff_wiki,
  	title         	= "Wikipedia: Baker–Campbell–Hausdorff formula",
  	url 				= "https://en.wikipedia.org/wiki/Baker%E2%80%93Campbell%E2%80%93Hausdorff_formula",
  	organization  	= "Wikipedia",
  	note 			= {(accessed: 23.04.2022)}
}


@electronic{shannon_nyquist_sampling_theorem,
  	title         	= "Wikipedia: Nyquist–Shannon Sampling Theorem",
  	url 				= "https://en.wikipedia.org/wiki/Nyquist%E2%80%93Shannon_sampling_theorem",
  	organization  	= "Wikipedia",
  	note 			= {(accessed: 23.04.2022)}
}

