%%%%%%%%%% WEBSITES %%%%%%%%%%
@electronic{latex_template_github,
	author			= "Andrew Wilson",
  	title         		= "Academic Report Template",
  	url 				= "https://github.com/AS-Wilson/Academic-Report-Template/tree/dev-AS-Wilson",
  	organization  	= "GitHub",
  	month			= apr,
  	year          		= "2021",
  	note 				= {(accessed: 16.07.2021)}
}

@electronic{wiki_black_body_cav_w_hole,
	author			= "",
  	title         		= "Black body - Cavity with a hole",
  	url 				= "https://en.wikipedia.org/wiki/Black_body#Cavity_with_a_hole",
	organization  	= "Wikipedia",
  	month			= "",
  	year          		= "",
  	note 				= {(accessed: 02.12.2022)}
}

@electronic{wiki_photoelectric_effect,
	author			= "",
  	title         		= "The Photoelectric Effect",
  	url 				= "https://en.wikipedia.org/wiki/Photoelectric_effect",
	organization  	= "Wikipedia",
  	month			= "",
  	year          		= "",
  	note 				= {(accessed: 02.12.2022)}
}

@electronic{wiki_boltzmann_constant,
	author			= "",
  	title         		= "Boltzmann constant",
  	url 				= "https://en.wikipedia.org/wiki/Boltzmann_constant",
	organization  	= "Wikipedia",
  	month			= "",
  	year          		= "",
  	note 				= {(accessed: 23.11.2022)}
}

@electronic{wiki_plancks_constant,
	author			= "",
  	title         		= "Planck's constant",
  	url 				= "https://en.wikipedia.org/wiki/Planck_constant",
	organization  	= "Wikipedia",
  	month			= "",
  	year          		= "",
  	note 				= {(accessed: 23.11.2022)}
}

@electronic{wiki_plancks_reduced_constant,
	author			= "",
  	title         		= "Reduced Planck's Constant",
  	url 				= "https://en.wikipedia.org/wiki/Planck_constant#Reduced_Planck_constant",
	organization  	= "Wikipedia",
  	month			= "",
  	year          		= "",
  	note 				= {(accessed: 23.11.2022)}
}

@electronic{wiki_coulombs_constant,
	author			= "",
  	title         		= "Coulomb's constant",
  	url 				= "https://en.wikipedia.org/wiki/Coulomb_constant",
	organization  	= "Wikipedia",
  	month			= "",
  	year          		= "",
  	note 				= {(accessed: 23.11.2022)}
}

@electronic{wiki_electron,
	author			= "",
  	title         		= "Electon",
  	url 				= "https://en.wikipedia.org/wiki/Electron",
	organization  	= "Wikipedia",
  	month			= "",
  	year          		= "",
  	note 				= {(accessed: 23.11.2022)}
}

@electronic{wiki_proton,
	author			= "",
  	title         		= "Proton",
  	url 				= "https://en.wikipedia.org/wiki/Proton",
	organization  	= "Wikipedia",
  	month			= "",
  	year          		= "",
  	note 				= {(accessed: 23.11.2022)}
}

@electronic{wiki_neutron,
	author			= "",
  	title         		= "Neutron",
  	url 				= "https://en.wikipedia.org/wiki/Neutron",
	organization  	= "Wikipedia",
  	month			= "",
  	year          		= "",
  	note 				= {(accessed: 23.11.2022)}
}

@electronic{wiki_fine_structure_constant,
	author			= "",
  	title         		= "Fine-structure constant",
  	url 				= "https://en.wikipedia.org/wiki/Fine-structure_constant",
	organization  	= "Wikipedia",
  	month			= "",
  	year          		= "",
  	note 				= {(accessed: 23.11.2022)}
}

@electronic{wiki_bohr_magneton,
	author			= "",
  	title         		= "Bohr Magneton",
  	url 				= "https://en.wikipedia.org/wiki/Bohr_magneton",
	organization  	= "Wikipedia",
  	month			= "",
  	year          		= "",
  	note 				= {(accessed: 23.11.2022)}
}

@electronic{wiki_atomic_mass,
	author			= "",
  	title         		= "Atomic Mass",
  	url 				= "https://en.wikipedia.org/wiki/Atomic_mass",
	organization  	= "Wikipedia",
  	month			= "",
  	year          		= "",
  	note 				= {(accessed: 23.11.2022)}
}

@electronic{wiki_gravitational_constant,
	author			= "",
  	title         		= "Gravitational constant",
  	url 				= "https://en.wikipedia.org/wiki/Gravitational_constant",
	organization  	= "Wikipedia",
  	month			= "",
  	year          		= "",
  	note 				= {(accessed: 23.11.2022)}
}

@electronic{wiki_avogadros_constant,
	author			= "",
  	title         		= "Avogadro constant",
  	url 				= "https://en.wikipedia.org/wiki/Avogadro_constant",
	organization  	= "Wikipedia",
  	month			= "",
  	year          		= "",
  	note 				= {(accessed: 23.11.2022)}
}

@electronic{wiki_spin,
	author			= "",
  	title         		= "Spin (physics)",
  	url 				= "https://en.wikipedia.org/wiki/Spin_(physics)",
	organization  	= "Wikipedia",
  	month			= "",
  	year          		= "",
  	note 				= {(accessed: 23.11.2022)}
}

@electronic{wiki_speed_of_light,
	author			= "",
  	title         		= "Speed of light",
  	url 				= "https://en.wikipedia.org/wiki/Speed_of_light",
	organization  	= "Wikipedia",
  	month			= "",
  	year          		= "",
  	note 				= {(accessed: 23.11.2022)}
}

@electronic{wiki_electronvolt_uom,
	author			= "",
  	title         		= "Electronvolt",
  	url 				= "https://en.wikipedia.org/wiki/Electronvolt",
	organization  	= "Wikipedia",
  	month			= "",
  	year          		= "",
  	note 				= {(accessed: 23.11.2022)}
}

@electronic{wiki_angstrom_uom,
	author			= "",
  	title         		= "Angstrom",
  	url 				= "https://en.wikipedia.org/wiki/Angstrom",
	organization  	= "Wikipedia",
  	month			= "",
  	year          		= "",
  	note 				= {(accessed: 23.11.2022)}
}

@electronic{wiki_tesla_uom,
	author			= "",
  	title         		= "Tesla (unit)",
  	url 				= "https://en.wikipedia.org/wiki/Tesla_(unit)",
	organization  	= "Wikipedia",
  	month			= "",
  	year          		= "",
  	note 				= {(accessed: 23.11.2022)}
}

@electronic{wiki_joule_uom,
	author			= "",
  	title         		= "Joule",
  	url 				= "https://en.wikipedia.org/wiki/Joule",
	organization  	= "Wikipedia",
  	month			= "",
  	year          		= "",
  	note 				= {(accessed: 23.11.2022)}
}




%%%%%%%%%%%%%%%%%%%%%%%%%%%%%%%%%%%%%%%%%%%%%%%%%%%%%%%%%%%%%%%%%%%%%%%%%%%%%%%%%%%%%%%%%%%%%%%%%%%%%%%%%%%%%%
%%%%%%%%%%%%%%%%%%%%%%%%%%%%%%%%%%%%%%%%%%%%%%%%%% EXAMPLES %%%%%%%%%%%%%%%%%%%%%%%%%%%%%%%%%%%%%%%%%%%%%%%%%%
%%%%%%%%%%%%%%%%%%%%%%%%%%%%%%%%%%%%%%%%%%%%%%%%%%%%%%%%%%%%%%%%%%%%%%%%%%%%%%%%%%%%%%%%%%%%%%%%%%%%%%%%%%%%%%
%%%%%%%%%% TEXTBOOKS %%%%%%%%%%
@book{nl_fibre_optics,
  author        = "Govind P Agrawal",
  title         = "Nonlinear Fiber Optics",
  edition       = "Fifth",
  publisher     = "Academic Press",
  address       = "The boulevard, Langford Lane, Kidlington, Oxford OX5 1GB, UK",
  year          = "2013"
}

@inbook{adv_fiber_optics,
  author        = "Luc Thévenaz",
  title         = "Advanced Fiber Optics",
  edition       = "First",
  publisher     = "EPFL Press",
  address       = "EPFL Press, Presses Polytechniques et Universitaires, Romandes, EPFL Post Office Box 119, CH-1015 Lausanne, Switzerland",
  year          = "2011",
  pages         = "1-27"
}


@inbook{fund_of_photonics,
  author        = "Bahaa E. A. Saleh and Malvin Carl Teich",
  title         = "Fundamentals of Photonics",
  edition       = "Third",
  publisher     = "Wiley",
  address       = "John Wiley \& Sons Inc, 10475 Crosspoint Boulevard, Indianapolis, IN 46256",
  year          = "2019",
  pages         = "1224-1284"
}


@book{MechatronicsBolton2015,
    author = {William Bolton},
    title = {Mechatronics: Electronic Control Systems in Mechanical and Electrical Engineering, 6th Edition},
    publisher  = {Pearson},
    address = {Pearson Education Limited, Edinburgh Gate, Harlow Essex, CM20 2JE, United Kingdom},
    year = {2015}
}




%%%%%%%%%% WEBSITES %%%%%%%%%%
@electronic{python_fft_example,
	author			= "Charles Varin",
  	title         	= "The Computational Science Survival Guide: Fast Fourier Transform",
  	url 				= "https://cvarin.github.io/CSci-Survival-Guide/fft.html",
  	month			= dec,
  	year          	= "2014",
  	note 			= {(accessed: 23.04.2022)}
}


@electronic{baker_campbell_hausdorff_wiki,
  	title         	= "Wikipedia: Baker–Campbell–Hausdorff formula",
  	url 				= "https://en.wikipedia.org/wiki/Baker%E2%80%93Campbell%E2%80%93Hausdorff_formula",
  	organization  	= "Wikipedia",
  	note 			= {(accessed: 23.04.2022)}
}


@electronic{shannon_nyquist_sampling_theorem,
  	title         	= "Wikipedia: Nyquist–Shannon Sampling Theorem",
  	url 				= "https://en.wikipedia.org/wiki/Nyquist%E2%80%93Shannon_sampling_theorem",
  	organization  	= "Wikipedia",
  	note 			= {(accessed: 23.04.2022)}
}

