@online{JenningsWilson2021,
    author = {Michael Jennings and Andrew Wilson},
    title = {Academic Report Template},
    url  = {https://github.com/mjennings061/Academic-Report-Template},
    addendum = {(accessed: 25.04.2021)},
    keywords = {latex,report}
}

@book{nl_fibre_optics,
  author        = "Govind P Agrawal",
  title         = "Nonlinear Fiber Optics",
  edition       = "Fifth",
  publisher     = "Academic Press",
  address       = "The boulevard, Langford Lane, Kidlington, Oxford OX5 1GB, UK",
  year          = "2013"
}

@inbook{adv_fiber_optics,
  author        = "Luc Th√©venaz",
  title         = "Advanced Fiber Optics",
  edition       = "First",
  publisher     = "EPFL Press",
  address       = "EPFL Press, Presses Polytechniques et Universitaires, Romandes, EPFL Post Office Box 119, CH-1015 Lausanne, Switzerland",
  year          = "2011",
  pages         = "1-27"
}


@inbook{fund_of_photonics,
  author        = "Bahaa E. A. Saleh and Malvin Carl Teich",
  title         = "Fundamentals of Photonics",
  edition       = "Third",
  publisher     = "Wiley",
  address       = "John Wiley \& Sons Inc, 10475 Crosspoint Boulevard, Indianapolis, IN 46256",
  year          = "2019",
  pages         = "1224-1284"
}

